<record><leader>01273nam a2200373 i 4500</leader><controlfield tag="001">6694042</controlfield><controlfield tag="005">20140424164139.0</controlfield><controlfield tag="008">140422s2015    enk      b    001 0 eng  </controlfield><datafield ind1=" " ind2=" " tag="010"><subfield code="a">  2014001746</subfield></datafield><datafield ind1=" " ind2=" " tag="020"><subfield code="a">9780415538107 (hbk. : alk. paper)</subfield></datafield><datafield ind1=" " ind2=" " tag="020"><subfield code="a">9780415538091 (pbk. : alk. paper)</subfield></datafield><datafield ind1=" " ind2=" " tag="020"><subfield code="a">9781315765440 (ebk.)</subfield></datafield><datafield ind1=" " ind2=" " tag="035"><subfield code="a">ocn868199729</subfield></datafield><datafield ind1=" " ind2=" " tag="040"><subfield code="a">DLC</subfield><subfield code="b">eng</subfield><subfield code="e">rda</subfield><subfield code="c">DLC</subfield><subfield code="d">AESJC</subfield><subfield code="d">ACHCU</subfield></datafield><datafield ind1=" " ind2=" " tag="042"><subfield code="a">pcc</subfield></datafield><datafield ind1="0" ind2="0" tag="050"><subfield code="a">BT60</subfield><subfield code="b">.C49 2014</subfield></datafield><datafield ind1="0" ind2="0" tag="082"><subfield code="a">230</subfield><subfield code="2">23</subfield></datafield><datafield ind1=" " ind2=" " tag="090"><subfield code="a">BT 60 C49 2015</subfield><subfield code="b">ACHCU</subfield></datafield><datafield ind1=" " ind2=" " tag="090"><subfield code="a">BT 60 C49 2015</subfield><subfield code="b">AESJC</subfield></datafield><datafield ind1="1" ind2=" " tag="100"><subfield code="a">Chilton, Bruce.</subfield></datafield><datafield ind1="1" ind2="0" tag="245"><subfield code="a">Christianity :</subfield><subfield code="b">the basics /</subfield><subfield code="c">Bruce Chilton.</subfield></datafield><datafield ind1=" " ind2="1" tag="264"><subfield code="a">London :</subfield><subfield code="b">Routledge, Taylor &amp; Francis Group,</subfield><subfield code="c">2015.</subfield></datafield><datafield ind1=" " ind2=" " tag="300"><subfield code="a">xviii, 201 pages ;</subfield><subfield code="c">20 cm</subfield></datafield><datafield ind1=" " ind2=" " tag="336"><subfield code="a">text</subfield><subfield code="b">txt</subfield><subfield code="2">rdacontent</subfield></datafield><datafield ind1=" " ind2=" " tag="337"><subfield code="a">unmediated</subfield><subfield code="b">n</subfield><subfield code="2">rdamedia</subfield></datafield><datafield ind1=" " ind2=" " tag="338"><subfield code="a">volume</subfield><subfield code="b">nc</subfield><subfield code="2">rdacarrier</subfield></datafield><datafield ind1="1" ind2=" " tag="490"><subfield code="a">The basics</subfield></datafield><datafield ind1=" " ind2=" " tag="504"><subfield code="a">Includes bibliographical references (pages [178]-191) and index.</subfield></datafield><datafield ind1=" " ind2=" " tag="596"><subfield code="a">23 49</subfield></datafield><datafield ind1=" " ind2="0" tag="650"><subfield code="a">Christianity</subfield><subfield code="x">Essence, genius, nature.</subfield></datafield><datafield ind1=" " ind2="0" tag="650"><subfield code="a">Church history.</subfield></datafield><datafield ind1=" " ind2="0" tag="830"><subfield code="a">Basics.</subfield></datafield><datafield ind1=" " ind2=" " tag="926"><subfield code="a">BT 60 C49 2015</subfield><subfield code="w">LC</subfield><subfield code="c">1</subfield><subfield code="i">0160000516890</subfield><subfield code="l">ON_SHELF</subfield><subfield code="m">UASJC</subfield><subfield code="r">Y</subfield><subfield code="s">Y</subfield><subfield code="t">BOOK</subfield><subfield code="u">9/24/2014</subfield></datafield><datafield ind1=" " ind2=" " tag="926"><subfield code="a">BT 60 C49 2015</subfield><subfield code="w">LC</subfield><subfield code="c">1</subfield><subfield code="i">32860001070803</subfield><subfield code="l">ON_SHELF</subfield><subfield code="m">BURMAN</subfield><subfield code="r">Y</subfield><subfield code="s">Y</subfield><subfield code="t">BOOK</subfield><subfield code="u">8/21/2015</subfield></datafield></record>